<?xml version="1.0" encoding="UTF-8"?><collection xmlns="http://www.loc.gov/MARC21/slim"><record><leader>00368nam--2200157-u-4500</leader><controlfield tag="001">000052099</controlfield><controlfield tag="002">20161230</controlfield><controlfield tag="005">20161230201049</controlfield><controlfield tag="008">090707s1000------------r-----000-0-eng-d</controlfield><datafield ind1=" " ind2=" " tag="040"><subfield code="a">IFIN-HH</subfield></datafield><datafield ind1=" " ind2=" " tag="080"><subfield code="a">518.2</subfield></datafield><datafield ind1="1" ind2=" " tag="245"><subfield code="a">Formular Matematic si Tehnic</subfield></datafield><datafield ind1=" " ind2=" " tag="260"><subfield code="a">Sibiu</subfield><subfield code="b">Ed.Tehnica</subfield><subfield code="c">1953</subfield></datafield><datafield ind1=" " ind2=" " tag="300"><subfield code="a">919 p</subfield></datafield><datafield ind1=" " ind2=" " tag="852"><subfield code="a">3179</subfield><subfield code="c">518.2</subfield></datafield><datafield ind1=" " ind2=" " tag="CAT"><subfield code="a">Sys</subfield><subfield code="c">20090707</subfield><subfield code="h">113531</subfield></datafield></record></collection>